@Book{Cormen2009,
  author    = {Cormen, Thomas H. and Leiserson, Charles E. and Rivest, Ronald L. and Stein, Clifford},
  title     = {Introduction to Algorithms},
  publisher = {MIT Press},
  year      = {2009},
}

@Book{Knuth1998,
  author    = {Knuth, Donald E.},
  title     = {The Art of Computer Programming, Volume 3: Sorting and Searching},
  publisher = {Addison-Wesley},
  year      = {1998},
}

@Book{Sedgewick2002,
  author    = {Sedgewick, Robert},
  title     = {Algorithms in C++},
  publisher = {Addison-Wesley},
  year      = {2002},
}

@Article{Hoare1962,
  author    = {Hoare, C. A. R.},
  title     = {Quicksort},
  journal   = {The Computer Journal},
  volume    = {5},
  number    = {1},
  pages     = {10--16},
  year      = {1962},
}

@Article{Williams1964,
  author    = {Williams, J. W. J.},
  title     = {Algorithm 232: Heapsort},
  journal   = {Communications of the ACM},
  volume    = {7},
  number    = {6},
  pages     = {347--348},
  year      = {1964},
}

@Misc{VonNeumann1945,
  author    = {Von Neumann, John},
  title     = {First Draft of a Report on the EDVAC},
  year      = {1945},
}
